@ARTICLE{cudnn,
   author = {{Chetlur}, S. and {Woolley}, C. and {Vandermersch}, P. and {Cohen}, J. and 
  {Tran}, J. and {Catanzaro}, B. and {Shelhamer}, E.},
    title = "{cuDNN: Efficient Primitives for Deep Learning}",
  journal = {ArXiv e-prints},
archivePrefix = "arXiv",
   eprint = {1410.0759},
 keywords = {Computer Science - Neural and Evolutionary Computing, Computer Science - Learning, Computer Science - Mathematical Software},
     year = 2014,
    month = oct,
   adsurl = {http://adsabs.harvard.edu/abs/2014arXiv1410.0759C},
  adsnote = {Provided by the SAO/NASA Astrophysics Data System}
}

@article{Kunihiko:1980:Book,
year={1980},
issn={0340-1200},
journal={Biological Cybernetics},
volume={36},
number={4},
doi={10.1007/BF00344251},
title={Neocognitron: A self-organizing neural network model for a mechanism of pattern recognition unaffected by shift in position},
url={http://dx.doi.org/10.1007/BF00344251},
publisher={Springer-Verlag},
author={Fukushima, Kunihiko},
pages={193-202},
language={English}
}

@inproceedings {Chilimbi:2014:OSDI,
author = {Trishul Chilimbi and Yutaka Suzue and Johnson Apacible and Karthik Kalyanaraman},
title = {Project Adam: Building an Efficient and Scalable Deep Learning Training System},
booktitle = {OSDI},
year = {2014},
}

@inproceedings {186214,
author = {Mu Li and David G. Andersen and Jun Woo Park and Alexander J. Smola and Amr Ahmed and Vanja Josifovski and James Long and Eugene J. Shekita and Bor-Yiing Su},
title = {Scaling Distributed Machine Learning with the Parameter Server},
booktitle = {11th USENIX Symposium on Operating Systems Design and Implementation (OSDI 14)},
year = {2014},
month = Oct,
isbn = { 978-1-931971-16-4},
address = {Broomfield, CO},
pages = {583--598},
url = {https://www.usenix.org/conference/osdi14/technical-sessions/presentation/li_mu},
publisher = {USENIX Association},
}



@ARTICLE{2014arXiv1409.4842S,
   author = {{Szegedy}, C. and {Liu}, W. and {Jia}, Y. and {Sermanet}, P. and 
  {Reed}, S. and {Anguelov}, D. and {Erhan}, D. and {Vanhoucke}, V. and 
  {Rabinovich}, A.},
    title = "{Going Deeper with Convolutions}",
  journal = {ArXiv e-prints},
archivePrefix = "arXiv",
   eprint = {1409.4842},
 primaryClass = "cs.CV",
 keywords = {Computer Science - Computer Vision and Pattern Recognition},
     year = 2014,
    month = sep,
   adsurl = {http://adsabs.harvard.edu/abs/2014arXiv1409.4842S},
  adsnote = {Provided by the SAO/NASA Astrophysics Data System}
}


@inproceedings{Dean:2012:NIPS,
  author    = {Jeffrey Dean and
               others},
  title     = {Large Scale Distributed Deep Networks},
  booktitle = {NIPS},
  year      = {2012},
}


@inproceedings{Krizhevsky:2012:NIPS,
  author    = {Alex Krizhevsky and
               Ilya Sutskever and
               Geoffrey E. Hinton},
  title     = {{ImageNet} Classification with Deep Convolutional Neural Networks},
  booktitle = {NIPS},
  year      = {2012},
}


@ARTICLE{2014arXiv1409.1556S,
   author = {{Simonyan}, K. and {Zisserman}, A.},
    title = "{Very Deep Convolutional Networks for Large-Scale Image Recognition}",
  journal = {ArXiv e-prints},
archivePrefix = "arXiv",
   eprint = {1409.1556},
 primaryClass = "cs.CV",
 keywords = {Computer Science - Computer Vision and Pattern Recognition},
     year = 2014,
    month = sep,
   adsurl = {http://adsabs.harvard.edu/abs/2014arXiv1409.1556S},
  adsnote = {Provided by the SAO/NASA Astrophysics Data System}
}


@ARTICLE{2013arXiv1312.7869W,
   author = {{Wei}, J. and {Dai}, W. and {Kumar}, A. and {Zheng}, X. and 
  {Ho}, Q. and {Xing}, E.~P.},
    title = "{Consistent Bounded-Asynchronous Parameter Servers for Distributed ML}",
  journal = {ArXiv e-prints},
archivePrefix = "arXiv",
   eprint = {1312.7869},
 primaryClass = "stat.ML",
 keywords = {Statistics - Machine Learning, Computer Science - Distributed, Parallel, and Cluster Computing, Computer Science - Learning},
     year = 2013,
    month = dec,
   adsurl = {http://adsabs.harvard.edu/abs/2013arXiv1312.7869W},
  adsnote = {Provided by the SAO/NASA Astrophysics Data System}
}

@ARTICLE{maiter,
	author={Yanfeng Zhang and Qixin Gao and Lixin Gao and Cuirong Wang}, 
	journal={Parallel and Distributed Systems, IEEE Transactions on}, 
	title={Maiter: An Asynchronous Graph Processing Framework for Delta-Based Accumulative Iterative Computation}, 
	year={2014}, 
	volume={25}, 
	number={8}, 
	pages={2091-2100}, 
	doi={10.1109/TPDS.2013.235}, 
	ISSN={1045-9219}, 
	month={Aug},
}

@inproceedings {powergraph,
	author = {Joseph E. Gonzalez and Yucheng Low and Haijie Gu and Danny Bickson and Carlos Guestrin},
	title = {PowerGraph: Distributed Graph-Parallel Computation on Natural Graphs},
	booktitle = {Presented as part of the 10th USENIX Symposium on Operating Systems Design and Implementation (OSDI 12)},
	year = {2012},
	isbn = {978-1-931971-96-6},
	address = {Hollywood, CA},
	pages = {17--30},
	publisher = {USENIX},
}

@inproceedings {flashgraph,
	author = {Da Zheng and Disa Mhembere and Randal Burns and Joshua Vogelstein and Carey E. Priebe and Alexander S. Szalay},
	title = {FlashGraph: Processing Billion-Node Graphs on an Array of Commodity SSDs},
	booktitle = {13th USENIX Conference on File and Storage Technologies (FAST 15)},
	year = {2015},
	month = Feb,
	isbn = {978-1-931971-201},
	address = {Santa Clara, CA},
	pages = {45--58},
	publisher = {USENIX Association},
}

@incollection{Hogwild,
	title = {Hogwild: A Lock-Free Approach to Parallelizing Stochastic Gradient Descent},
	author = {Recht, Benjamin and Re, Christopher and Wright, Stephen and Feng Niu},
	booktitle = {Advances in Neural Information Processing Systems 24},
	editor = {J. Shawe-Taylor and R.S. Zemel and P.L. Bartlett and F. Pereira and K.Q. Weinberger},
	pages = {693--701},
	year = {2011},
	publisher = {Curran Associates, Inc.},
}

@ARTICLE{riedel01,
	author={Riedel, E. and Faloutsos, C. and Gibson, G.A. and Nagle, D.}, 
	journal={Computer}, 
	title={Active disks for large-scale data processing}, 
	year={2001}, 
	volume={34}, 
	number={6}, 
	pages={68-74}, 
	doi={10.1109/2.928624}, 
	ISSN={0018-9162}, 
	month={Jun},
}

@inproceedings{cho13,
	author = {Cho, Sangyeun and Park, Chanik and Oh, Hyunok and Kim, Sungchan and Yi, Youngmin and Ganger, Gregory R.},
	title = {Active Disk Meets Flash: A Case for Intelligent SSDs},
	booktitle = {Proceedings of the 27th International ACM Conference on International Conference on Supercomputing},
	series = {ICS '13},
	year = {2013},
	isbn = {978-1-4503-2130-3},
	location = {Eugene, Oregon, USA},
	pages = {91--102},
	numpages = {12},
	url = {http://doi.acm.org/10.1145/2464996.2465003},
	doi = {10.1145/2464996.2465003},
	acmid = {2465003},
	publisher = {ACM},
	address = {New York, NY, USA},
}

@ARTICLE{nanostores,
	author={Ranganathan, P.}, 
	journal={Computer}, 
	title={From Microprocessors to Nanostores: Rethinking Data-Centric Systems}, 
	year={2011}, 
	volume={44}, 
	number={1}, 
	pages={39-48}, 
	doi={10.1109/MC.2011.18}, 
	ISSN={0018-9162}, 
	month={Jan},
}

@ARTICLE{iram,
	author={Patterson, D. and Anderson, T. and Cardwell, N. and Fromm, R. and Keeton, K. and Kozyrakis, C. and Thomas, R. and Yelick, K.}, 
	journal={Micro, IEEE}, 
	title={A case for intelligent RAM}, 
	year={1997}, 
	volume={17}, 
	number={2}, 
	pages={34-44}, 
	doi={10.1109/40.592312}, 
	ISSN={0272-1732}, 
	month={Mar},
}

@inproceedings{nesterov1983method,
	title={A method of solving a convex programming problem with convergence rate {O(1/k$^2$)}},
	author={Nesterov, Yurii},
	booktitle={Soviet Mathematics Doklady},
	volume={27},
	number={2},
	pages={372--376},
	year={1983}
}


@incollection{nemirovsky1983problem,
	title={Problem complexity and method efficiency in optimization.},
	author={Nemirovsky, Arkadi{\u\i} Semenovich and Yudin, David Borisovich},
	year={1983},
	booktitle={Wiley-Interscience Series in Discrete Mathematics}, 
	publisher={John Wiley \& Sons, New York}
}


@article{nesterov2013gradient,
	title={Gradient methods for minimizing composite functions},
	author={Nesterov, Yu},
	journal={Mathematical Programming},
	volume={140},
	number={1},
	pages={125--161},
	year={2013},
	publisher={Springer}
}

@article{beck2009fast,
	title={A fast iterative shrinkage-thresholding algorithm for linear inverse problems},
	author={Beck, Amir and Teboulle, Marc},
	journal={SIAM Journal on Imaging Sciences},
	volume={2},
	number={1},
	pages={183--202},
	year={2009},
	publisher={SIAM}
}


@article{allen2014novel,
	title={A Novel, Simple Interpretation of Nesterov's Accelerated Method as a Combination of Gradient and Mirror Descent},
	author={Allen-Zhu, Zeyuan and Orecchia, Lorenzo},
	journal={arXiv preprint arXiv:1407.1537},
	year={2014}
}


@ARTICLE{DelmasCardoso,
	author={Delmas, J.-P. and Cardoso, J.-F.},
	journal={IEEE Transactions on Signal Processing}, 
	title={Performance analysis of an adaptive algorithm for tracking dominant subspaces},
	year={1998},
	month={nov},
	volume={46},
	number={11},
	pages={3045 -3057}
}

@article{yang95,
	Author = {Bin Yang},
	Date-Added = {2010-06-01 09:29:24 -0500},
	Date-Modified = {2010-06-01 13:03:41 -0500},
	Journal = {IEEE Transactions on Signal Processing},
	Month = {January},
	Number = {1},
	Title = {Projection Approximation Subspace Tracking},
	Volume = {43},
	Year = {1995}
}

@article{hall_online_2013,
	title={Dynamical Models and Tracking Regret in Online Convex Programming},
	author={Hall, Eric C and Willett, Rebecca M},
	journal={Proceedings of the International Conference on Machine Learning (ICML)},
	year={2013}
}

@inproceedings{ledva2015inferring,
	author = {Greg Ledva and Laura Balzano and Johanna Mathieu},
	title = {Inferring the Behavior of Distributed Energy Resources with Online Learning},
	year = {2015},
	booktitle = {Proceedings of the Allerton conference on Communication, Control, and Computing}
}
